@inproceedings{fire2017-irled,
	author = {Mandal, Arpan and Ghosh, Kripabandhu and Bhattacharya, Arnab and Pal, Arindam
	and Ghosh, Saptarshi},
	title = {{Overview of the FIRE 2017 track: Information Retrieval from Legal Documents
	(IRLeD)}},
	booktitle = {{Working notes of FIRE 2017 - Forum for Information Retrieval Evaluation}},
	location = {Bangalore, India},
	series = {{CEUR Workshop Proceedings}},
	publisher = {CEUR-WS.org},
	year = {2017},
	month = {December}
}
@article{ye2007document,
	title={Document concept lattice for text understanding and summarization},
	author={Ye, Shiren and Chua, Tat-Seng and Kan, Min-Yen and Qiu, Long},
	journal={Information Processing \& Management},
	volume={43},
	number={6},
	pages={1643--1662},
	year={2007},
	publisher={Elsevier}
}
@inproceedings{frank1999domain,
	title={Domain-specific keyphrase extraction},
	author={Frank, Eibe and Paynter, Gordon W and Witten, Ian H and Gutwin, Carl and Nevill-Manning, Craig G},
	booktitle={16th International Joint Conference on Artificial Intelligence (IJCAI 99)},
	volume={2},
	pages={668--673},
	year={1999},
	organization={Morgan Kaufmann Publishers Inc., San Francisco, CA, USA}
}
@article{haggag2013keyword,
	title={Keyword extraction using semantic analysis},
	author={Haggag, Mohamed H},
	journal={International Journal of Computer Applications},
	volume={61},
	number={1},
	year={2013},
	publisher={Foundation of Computer Science}
}
@inproceedings{lesk1986automatic,
	title={Automatic sense disambiguation using machine readable dictionaries: how to tell a pine cone from an ice cream cone},
	author={Lesk, Michael},
	booktitle={Proceedings of the 5th annual international conference on Systems documentation},
	pages={24--26},
	year={1986},
	organization={ACM}
}
@article{galgani2012towards,
	title={Towards automatic generation of catchphrases for legal case reports},
	author={Galgani, Filippo and Compton, Paul and Hoffmann, Achim},
	journal={Computational Linguistics and Intelligent Text Processing},
	pages={414--425},
	year={2012},
	publisher={Springer}
}
@inproceedings{toutanova2003feature,
	title={Feature-rich part-of-speech tagging with a cyclic dependency network},
	author={Toutanova, Kristina and Klein, Dan and Manning, Christopher D and Singer, Yoram},
	booktitle={Proceedings of the 2003 Conference of the North American Chapter of the Association for Computational Linguistics on Human Language Technology-Volume 1},
	pages={173--180},
	year={2003},
	organization={Association for Computational Linguistics}
}
@article{reeve2007use,
	title={The use of domain-specific concepts in biomedical text summarization},
	author={Reeve, Lawrence H and Han, Hyoil and Brooks, Ari D},
	journal={Information Processing \& Management},
	volume={43},
	number={6},
	pages={1765--1776},
	year={2007},
	publisher={Elsevier}
}
@inproceedings{lin2004rouge,
	title={Rouge: A package for automatic evaluation of summaries},
	author={Lin, Chin-Yew},
	booktitle={Text summarization branches out: Proceedings of the ACL-04 workshop},
	volume={8},
	year={2004},
	organization={Barcelona, Spain}
}
